%% This BibTeX bibliography file was created using BibDesk.
%% http://bibdesk.sourceforge.net/


%% Created for Tinghui Zhou at 2012-07-18 23:55:54 -0400 


%% Saved with string encoding Unicode (UTF-8) 



@book{prml,
	Author = {C. M. Bishop},
	Date-Added = {2012-07-19 03:55:13 +0000},
	Date-Modified = {2012-07-19 03:55:51 +0000},
	Publisher = {Springer},
	Title = {Pattern Recognition and Machine Learning},
	Year = {2006}}

@article{tax04,
	Author = {David M.J. Tax and Robert P.W. Duin},
	Date-Added = {2012-06-15 14:08:22 +0000},
	Date-Modified = {2012-06-15 14:09:20 +0000},
	Journal = {Machine Learning},
	Title = {Support Vector Data Description},
	Year = {2004}}

@inproceedings{shrivastava11,
	Author = {Abhinav Shrivastava and Tomasz Malisiewicz and Abhinav Gupta and Alexei A. Efros},
	Booktitle = {ACM SIGGRAPH ASIA},
	Date-Added = {2012-06-15 14:03:28 +0000},
	Date-Modified = {2012-06-15 14:06:38 +0000},
	Title = {Data-driven Visual Similarity for Cross-domain Image Matching},
	Year = {2011}}
